@book{higham2002accuracy,
  title={Accuracy and stability of numerical algorithms},
  author={Higham, Nicholas J},
  volume={80},
  year={2002},
  publisher={Siam}
}

@article{higham2018new,
  title={A new approach to probabilistic rounding error analysis},
  author={Higham, Nicholas J and Mary, Theo},
  year={2018}
}

@book{springer1979algebra,
  title={The algebra of random variables},
  author={Springer, M.D.},
  isbn={9780471014065},
  lccn={78009315},
  series={Probability and Statistics Series},
  url={https://books.google.co.uk/books?id=qUDvAAAAMAAJ},
  year={1979},
  publisher={Wiley}
}

@inproceedings{darulova2018daisy,
  title={Daisy-framework for analysis and optimization of numerical programs (tool paper)},
  author={Darulova, Eva and Izycheva, Anastasiia and Nasir, Fariha and Ritter, Fabian and Becker, Heiko and Bastian, Robert},
  booktitle={International Conference on Tools and Algorithms for the Construction and Analysis of Systems},
  pages={270--287},
  year={2018},
  organization={Springer}
}