@book{higham2002accuracy,
  title={Accuracy and stability of numerical algorithms},
  author={Higham, Nicholas J},
  volume={80},
  year={2002},
  publisher={Siam}
}